@article{fayyad1996data,
  title={From data mining to knowledge discovery in databases},
  author={Fayyad, U. and Piatetsky-Shapiro, G. and Smyth, P.},
  journal={AI magazine},
  volume={17},
  number={3},
  pages={37},
  year={1996}
}
@inproceedings{agrawal1993mining,
  title={Mining association rules between sets of items in large databases},
  author={Agrawal, R. and Imieli{\'n}ski, T. and Swami, A.},
  booktitle={ACM SIGMOD Record},
  volume={22},
  number={2},
  pages={207--216},
  year={1993},
  organization={ACM}
}
@inproceedings{han2000mining,
  title={Mining frequent patterns without candidate generation},
  author={Han, J. and Pei, J. and Yin, Y.},
  booktitle={ACM SIGMOD Record},
  volume={29},
  number={2},
  pages={1--12},
  year={2000},
  organization={ACM}
}
@article{chi2006catch,
  title={Catch the moment: maintaining closed frequent itemsets over a data stream sliding window},
  author={Chi, Y. and Wang, H. and Yu, P.S. and Muntz, R.R.},
  journal={Knowledge and Information Systems},
  volume={10},
  number={3},
  pages={265--294},
  year={2006},
  publisher={Springer}
}
@article{zaki2005efficient,
  title={Efficient algorithms for mining closed itemsets and their lattice structure},
  author={Zaki, M.J. and Hsiao, C.J.},
  journal={Knowledge and Data Engineering, IEEE Transactions on},
  volume={17},
  number={4},
  pages={462--478},
  year={2005},
  publisher={IEEE}
}
@article{lucchese2006fast,
  title={Fast and memory efficient mining of frequent closed itemsets},
  author={Lucchese, C. and Orlando, S. and Perego, R.},
  journal={Knowledge and Data Engineering, IEEE Transactions on},
  volume={18},
  number={1},
  pages={21--36},
  year={2006},
  publisher={IEEE}
}
@article{huang2007mining,
  title={Mining maximal hyperclique pattern: A hybrid search strategy},
  author={Huang, Y. and Xiong, H. and Wu, W. and Deng, P. and Zhang, Z.},
  journal={Information Sciences},
  volume={177},
  number={3},
  pages={703--721},
  year={2007},
  publisher={Elsevier}
}
@article{gouda2005genmax,
  title={Genmax: An efficient algorithm for mining maximal frequent itemsets},
  author={Gouda, K. and Zaki, M.J.},
  journal={Data Mining and Knowledge Discovery},
  volume={11},
  number={3},
  pages={223--242},
  year={2005},
  publisher={Springer}
}
@article{zhou2006efficiently,
  title={Efficiently mining maximal frequent mutually associated patterns},
  author={Zhou, Z. and Wu, Z. and Wang, C. and Feng, Y.},
  journal={Advanced Data Mining and Applications},
  pages={110--117},
  year={2006},
  publisher={Springer}
}
@article{minh2006mining,
  title={Mining the K-Most Interesting Frequent Patterns Sequentially},
  author={Minh, Q. and Oyanagi, S. and Yamazaki, K.},
  journal={Intelligent Data Engineering and Automated Learning--IDEAL 2006},
  pages={620--628},
  year={2006},
  publisher={Springer}
}
@article{wang2005demand,
  title={Demand-driven frequent itemset mining using pattern structures},
  author={Wang, H. and Perng, C.S. and Ma, S. and Yu, P.S.},
  journal={Knowledge and Information Systems},
  volume={8},
  number={1},
  pages={82--102},
  year={2005},
  publisher={Springer}
}
@article{tanbeer2009efficient,
  title={Efficient single-pass frequent pattern mining using a prefix-tree},
  author={Tanbeer, S.K. and Ahmed, C.F. and Jeong, B.S. and Lee, Y.K.},
  journal={Information Sciences},
  volume={179},
  number={5},
  pages={559--583},
  year={2009},
  publisher={Elsevier}
}
@inproceedings{rashid2012efficient,
  title={Efficient Mining Regularly Frequent Patterns in Transactional Databases},
  author={Rashid, M. and Karim, M. and Jeong, B.S. and Choi, H.J.},
  booktitle={Database Systems for Advanced Applications},
  pages={258--271},
  year={2012},
  organization={Springer}
}
