@inproceedings{agrawal1994fast,
  title={Fast algorithms for mining association rules},
  author={Agrawal, Rakesh and Srikant, Ramakrishnan and others},
  booktitle={Proc. 20th Int. Conf. Very Large Data Bases, VLDB},
  volume={1215},
  pages={487--499},
  year={1994}
}

@article{cook1994substructure,
  title={Substructure discovery using minimum description length and background knowledge},
  author={Cook, Diane J. and Holder, Lawrence B.},
  journal={arXiv preprint cs/9402102},
  year={1994}
}

@article{yoshida1994graph,
  title={Graph-based induction as a unified learning framework},
  author={Yoshida, Kenichi and Motoda, Hiroshi and Indurkhya, Nitin},
  journal={Applied Intelligence},
  volume={4},
  number={3},
  pages={297--316},
  year={1994},
  publisher={Springer}
}

@article{dehaspe1999discovery,
  title={Discovery of frequent datalog patterns},
  author={Dehaspe, Luc and Toivonen, Hannu},
  journal={Data Mining and Knowledge Discovery},
  volume={3},
  number={1},
  pages={7--36},
  year={1999},
  publisher={Springer}
}

@book{wasserman1994social,
  title={Social network analysis: Methods and applications},
  author={Wasserman, Stanley and Faust, Katherine},
  volume={8},
  year={1994},
  publisher={Cambridge university press}
}

@article{huang2004mining,
  title={Mining periodic patterns in sequence data},
  author={Huang, Kuo-Yu and Chang, Chia-Hui},
  journal={Data Warehousing and Knowledge Discovery},
  pages={401--410},
  year={2004},
  publisher={Springer}
}
@article{zhang2007mining,
  title={Mining periodic patterns with gap requirement from sequences},
  author={Zhang, Minghua and Kao, Ben and Cheung, David W and Yip, Kevin Y},
  journal={ACM Transactions on Knowledge Discovery from Data (TKDD)},
  volume={1},
  number={2},
  pages={7},
  year={2007},
  publisher={ACM}
}
@inproceedings{lo2007efficient,
  title={Efficient mining of iterative patterns for software specification discovery},
  author={Lo, David and Khoo, Siau-Cheng and Liu, Chao},
  booktitle={Proceedings of the 13th ACM SIGKDD international conference on Knowledge discovery and data mining},
  pages={460--469},
  year={2007},
  organization={ACM}
}
@article{lahiri2010periodic,
  title={Periodic subgraph mining in dynamic networks},
  author={Lahiri, Mayank and Berger-Wolf, Tanya Y},
  journal={Knowledge and information systems},
  volume={24},
  number={3},
  pages={467--497},
  year={2010},
  publisher={Springer}
}

@inproceedings{ozden1998cyclic,
  title={Cyclic association rules},
  author={Ozden, Banu and Ramaswamy, Sridhar and Silberschatz, Abraham},
  booktitle={Data Engineering, 1998. Proceedings., 14th International Conference on},
  pages={412--421},
  year={1998},
  organization={IEEE}
}

@inproceedings{lahiri2008mining,
  title={Mining periodic behavior in dynamic social networks},
  author={Lahiri, Mayank and Berger-Wolf, Tanya Y},
  booktitle={Data Mining, 2008. ICDM'08. Eighth IEEE International Conference on},
  pages={373--382},
  year={2008},
  organization={IEEE}
}

@article{bettini1998discovering,
  title={Discovering frequent event patterns with multiple granularities in time sequences},
  author={Bettini, Claudio and Wang, Xiaoyang Sean and Jajodia, Sushil and Lin, J-L},
  journal={Knowledge and Data Engineering, IEEE Transactions on},
  volume={10},
  number={2},
  pages={222--237},
  year={1998},
  publisher={IEEE}
}
@inproceedings{han1999efficient,
  title={Efficient mining of partial periodic patterns in time series database},
  author={Han, Jiawei and Dong, Guozhu and Yin, Yiwen},
  booktitle={Data Engineering, 1999. Proceedings., 15th International Conference on},
  pages={106--115},
  year={1999},
  organization={IEEE}
}
@article{yang2003mining,
  title={Mining asynchronous periodic patterns in time series data},
  author={Yang, Jiong and Wang, Wei and Yu, Philip S.},
  journal={Knowledge and Data Engineering, IEEE Transactions on},
  volume={15},
  number={3},
  pages={613--628},
  year={2003},
  publisher={IEEE}
}
@inproceedings{huang2004asynchronous,
  title={Asynchronous periodic patterns mining in temporal databases},
  author={Huang, Kuo-Yu and Chang, Chia-Hui},
  booktitle={Proc. of the IASTED International Conference on Databases and Applications (DBA)},
  pages={43--48},
  year={2004}
}
@article{yang2004mining,
  title={Mining surprising periodic patterns},
  author={Yang, Jiong and Wang, Wei and Yu, Philip S},
  journal={Data Mining and Knowledge Discovery},
  volume={9},
  number={2},
  pages={189--216},
  year={2004},
  publisher={Springer}
}
@article{barbares2010periodic,
  title={Periodic subgraph mining in dynamic networks},
  author={Barbares, Manuel},
  year={2010}
}
@article{chapanond2005graph,
  title={Graph theoretic and spectral analysis of Enron email data},
  author={Chapanond, Anurat and Krishnamoorthy, Mukkai S and Yener, B{\"u}lent},
  journal={Computational \& Mathematical Organization Theory},
  volume={11},
  number={3},
  pages={265--281},
  year={2005},
  publisher={Springer}
}
@inproceedings{diesner2005exploration,
  title={Exploration of communication networks from the Enron email corpus},
  author={Diesner, Jana and Carley, Kathleen M},
  booktitle={SIAM International Conference on Data Mining: Workshop on Link Analysis, Counterterrorism and Security, Newport Beach, CA},
  year={2005},
  organization={Citeseer}
}
@article{fischhoff2007social,
  title={Social relationships and reproductive state influence leadership roles in movements of plains zebra,< i> Equus burchellii</i>},
  author={Fischhoff, Ilya R and Sundaresan, Siva R and Cordingley, Justine and Larkin, Heather M and Sellier, Marie-Jeanne and Rubenstein, Daniel I},
  journal={Animal Behaviour},
  volume={73},
  number={5},
  pages={825--831},
  year={2007},
  publisher={Elsevier}
}
@inproceedings{faloutsos1999power,
  title={On power-law relationships of the internet topology},
  author={Faloutsos, Michalis and Faloutsos, Petros and Faloutsos, Christos},
  booktitle={ACM SIGCOMM Computer Communication Review},
  volume={29},
  number={4},
  pages={251--262},
  year={1999},
  organization={ACM}
}
@article{han2007frequent,
  title={Frequent pattern mining: current status and future directions},
  author={Han, Jiawei and Cheng, Hong and Xin, Dong and Yan, Xifeng},
  journal={Data Mining and Knowledge Discovery},
  volume={15},
  number={1},
  pages={55--86},
  year={2007},
  publisher={Springer}
}

@article{apostolico2011speedup,
  title={Speedup for a periodic subgraph miner},
  author={Apostolico, Alberto and Barbares, Manuel and Pizzi, Cinzia},
  journal={Information Processing Letters},
  volume={111},
  number={11},
  pages={521--523},
  year={2011},
  publisher={Elsevier}
}

@phdthesis{lahiri2011measuring,
  title={Measuring and Mining Dynamic Networks},
  author={Lahiri, Mayank},
  year={2011},
  school={University of Illinois}
}
@inproceedings{ma2001mining,
  title={Mining partially periodic event patterns with unknown periods},
  author={Ma, Sheng and Hellerstein, Joseph L},
  booktitle={Data Engineering, 2001. Proceedings. 17th International Conference on},
  pages={205--214},
  year={2001},
  organization={IEEE}
}
@inproceedings{yin2011lpta,
  title={Lpta: A probabilistic model for latent periodic topic analysis},
  author={Yin, Zhijun and Cao, Liangliang and Han, Jiawei and Zhai, Chengxiang and Huang, Thomas},
  booktitle={Data Mining (ICDM), 2011 IEEE 11th International Conference on},
  pages={904--913},
  year={2011},
  organization={IEEE}
}
@inproceedings{agrawal1993mining,
  title={Mining association rules between sets of items in large databases},
  author={Agrawal, Rakesh and Imieli{\'n}ski, Tomasz and Swami, Arun},
  booktitle={ACM SIGMOD Record},
  volume={22},
  number={2},
  pages={207--216},
  year={1993},
  organization={ACM}
}
@inproceedings{han2000mining,
  title={Mining frequent patterns without candidate generation},
  author={Han, Jiawei and Pei, Jian and Yin, Yiwen},
  booktitle={ACM SIGMOD Record},
  volume={29},
  number={2},
  pages={1--12},
  year={2000},
  organization={ACM}
}
@incollection{zhi2006efficient,
  title={An efficient algorithm for frequent itemset mining on data streams},
  author={Zhi-jun, Xie and Hong, Chen and Li, Cuiping},
  booktitle={Advances in Data Mining. Applications in Medicine, Web Mining, Marketing, Image and Signal Mining},
  pages={474--491},
  year={2006},
  publisher={Springer}
}
@incollection{tanbeer2008cp,
  title={CP-tree: a tree structure for single-pass frequent pattern mining},
  author={Tanbeer, Syed Khairuzzaman and Ahmed, Chowdhury Farhan and Jeong, Byeong-Soo and Lee, Young-Koo},
  booktitle={Advances in Knowledge Discovery and Data Mining},
  pages={1022--1027},
  year={2008},
  publisher={Springer}
}
@incollection{tanbeer2009discovering,
  title={Discovering periodic-frequent patterns in transactional databases},
  author={Tanbeer, Syed Khairuzzaman and Ahmed, Chowdhury Farhan and Jeong, Byeong-Soo and Lee, Young-Koo},
  booktitle={Advances in Knowledge Discovery and Data Mining},
  pages={242--253},
  year={2009},
  publisher={Springer}
}
@article{sumathi2012periodic,
  title={Periodic-Pattern Tree Miner: An Efficient Algorithm to Mine the Periodic Patterns from the Spatio-Temporal Database},
  author={Sumathi, N and Sathiyabama, S},
  journal={European Journal of Scientific Research},
  volume={81},
  number={2},
  pages={246--262},
  year={2012}
}
@inproceedings{juang2002energy,
  title={Energy-efficient computing for wildlife tracking: Design tradeoffs and early experiences with ZebraNet},
  author={Juang, Philo and Oki, Hidekazu and Wang, Yong and Martonosi, Margaret and Peh, Li Shiuan and Rubenstein, Daniel},
  booktitle={ACM Sigplan Notices},
  volume={37},
  number={10},
  pages={96--107},
  year={2002},
  organization={ACM}
}
@article{eagle2006reality,
  title={Reality mining: sensing complex social systems},
  author={Eagle, Nathan and Pentland, Alex},
  journal={Personal and ubiquitous computing},
  volume={10},
  number={4},
  pages={255--268},
  year={2006},
  publisher={Springer-Verlag}
}
@article{dickinson2003graphs,
  title={On graphs with unique node labels},
  author={Dickinson, Peter and Bunke, Horst and Dadej, Arek and Kraetzl, Miro},
  journal={Graph Based Representations in Pattern Recognition},
  pages={409--437},
  year={2003},
  publisher={Springer}
}
@inproceedings{lahiri2007structure,
  title={Structure prediction in temporal networks using frequent subgraphs},
  author={Lahiri, Mayank and Berger-Wolf, Tanya Y},
  booktitle={Computational Intelligence and Data Mining, 2007. CIDM 2007. IEEE Symposium on},
  pages={35--42},
  year={2007},
  organization={IEEE}
}
@inproceedings{yang2004complexity,
  title={The complexity of mining maximal frequent itemsets and maximal frequent patterns},
  author={Yang, Guizhen},
  booktitle={Proceedings of the tenth ACM SIGKDD international conference on Knowledge discovery and data mining},
  pages={344--353},
  year={2004},
  organization={ACM}
}
@incollection{boros2002complexity,
  title={On the complexity of generating maximal frequent and minimal infrequent sets},
  author={Boros, Endre and Gurvich, Vladimir and Khachiyan, Leonid and Makino, Kazuhisa},
  booktitle={STACS 2002},
  pages={133--141},
  year={2002},
  publisher={Springer}
}
@article{elfeky2005periodicity,
  title={Periodicity detection in time series databases},
  author={Elfeky, Mohamed G and Aref, Walid G and Elmagarmid, Ahmed K},
  journal={Knowledge and Data Engineering, IEEE Transactions on},
  volume={17},
  number={7},
  pages={875--887},
  year={2005},
  publisher={IEEE}
}

@electronic{EnronDataset,	
	title  ={Enron Dataset:http://www.cs.cmu.edu/~enron/} 	
	
}
@electronic{googelsparse,	
	title  ={Google Hash Library: http://code.google.com/p/google-sparsehash/, version 2.2} 	
	
}

@inproceedings{viswanath2009evolution,
  title={On the evolution of user interaction in facebook},
  author={Viswanath, Bimal and Mislove, Alan and Cha, Meeyoung and Gummadi, Krishna P},
  booktitle={Proceedings of the 2nd ACM workshop on Online social networks},
  pages={37--42},
  year={2009},
  organization={ACM}
}

@electronic{serverlog,	
	title  ={http://compbio.cs.uic.edu/} 	
	
}
%24-5-2013
@inproceedings{yan2011extracting,
  title={Extracting regular behaviors from social media networks},
  author={Yan, Leiming and Wang, Jinwei},
  booktitle={Multimedia Information Networking and Security (MINES), 2011 Third International Conference on},
  pages={613--617},
  year={2011},
  organization={IEEE}
}

@electronic{PSECODE,	
	title  ={http://compbio.cs.uic.edu/software/periodic/} 	
	
}
@article{olguin2009sensible,
  title={Sensible organizations: Technology and methodology for automatically measuring organizational behavior},
  author={Olgu{\'\i}n, Daniel Olgu{\'\i}n and Waber, Benjamin N and Kim, Taemie and Mohan, Akshay and Ara, Koji and Pentland, Alex},
  journal={Systems, Man, and Cybernetics, Part B: Cybernetics, IEEE Transactions on},
  volume={39},
  number={1},
  pages={43--55},
  year={2009},
  publisher={IEEE}
}
@electronic{graphgen,	
	title  ={http://www.cse.ust.hk/graphgen/} 	
	
}


